<record><leader>00000cas a22000007a 4500</leader><controlfield tag="001">11963864</controlfield><controlfield tag="008">850425c19809999wiuwr ne      0    0eng d</controlfield><datafield ind1=" " ind2=" " tag="010"><subfield code="a">sn 85040440 </subfield></datafield><datafield ind1=" " ind2=" " tag="040"><subfield code="a">NPV</subfield><subfield code="b">eng</subfield><subfield code="c">NPV</subfield><subfield code="d">OCLCQ</subfield></datafield><datafield ind1=" " ind2=" " tag="042"><subfield code="a">msc</subfield></datafield><datafield ind1=" " ind2=" " tag="045"><subfield code="a">x8--</subfield></datafield><datafield ind1=" " ind2=" " tag="052"><subfield code="a">4123</subfield><subfield code="b">B4</subfield></datafield><datafield ind1="0" ind2=" " tag="130"><subfield code="a">Washburn times (Washburn, Wis. : 1980)</subfield></datafield><datafield ind1="1" ind2="4" tag="245"><subfield code="a">The Washburn times.</subfield></datafield><datafield ind1=" " ind2=" " tag="260"><subfield code="a">Washburn, Wis. :</subfield><subfield code="b">L. &amp; D. Satran,</subfield><subfield code="c">1980-</subfield></datafield><datafield ind1=" " ind2=" " tag="300"><subfield code="a">v. :</subfield><subfield code="b">ill.</subfield></datafield><datafield ind1=" " ind2=" " tag="310"><subfield code="a">Weekly</subfield></datafield><datafield ind1="0" ind2=" " tag="362"><subfield code="a">Vol. 87, no. 8 (June 5, 1980)-</subfield></datafield><datafield ind1=" " ind2=" " tag="500"><subfield code="a">Publisher varies.</subfield></datafield><datafield ind1=" " ind2=" " tag="500"><subfield code="a">Editors: L. &amp; D. Satran, June 5, 1980-</subfield></datafield><datafield ind1=" " ind2=" " tag="530"><subfield code="a">Available on microfilm from The State Historical Society of Wisconsin.</subfield></datafield><datafield ind1=" " ind2=" " tag="752"><subfield code="a">United States</subfield><subfield code="b">Wisconsin</subfield><subfield code="c">Bayfield</subfield><subfield code="d">Washburn.</subfield></datafield><datafield ind1="0" ind2="1" tag="780"><subfield code="t">Washburn-Bayfield County times</subfield><subfield code="w">(DLC)sn 85040436</subfield></datafield><datafield ind1="1" ind2=" " tag="029"><subfield code="a">AU@</subfield><subfield code="b">000025800843</subfield></datafield></record>